<?xml version="1.0" encoding="UTF-8"?><record xmlns="http://www.loc.gov/MARC21/slim" xmlns:cinclude="http://apache.org/cocoon/include/1.0" xmlns:zs="http://www.loc.gov/zing/srw/">
  <leader>00809nz  a2200193n  4500</leader>
  <controlfield tag="001">no2014091324</controlfield>
  <controlfield tag="003">DLC</controlfield>
  <controlfield tag="005">20140710073602.0</controlfield>
  <controlfield tag="008">140709n| azannaabn          |a ana     c</controlfield>
  <datafield tag="010" ind1=" " ind2=" ">
    <subfield code="a">no2014091324</subfield>
  </datafield>
  <datafield tag="035" ind1=" " ind2=" ">
    <subfield code="a">(OCoLC)oca09903809</subfield>
  </datafield>
  <datafield tag="040" ind1=" " ind2=" ">
    <subfield code="a">Az</subfield>
    <subfield code="b">eng</subfield>
    <subfield code="e">rda</subfield>
    <subfield code="c">Az</subfield>
  </datafield>
  <datafield tag="110" ind1="2" ind2=" ">
    <subfield code="a">Powell Museum</subfield>
  </datafield>
  <datafield tag="368" ind1=" " ind2=" ">
    <subfield code="a">Historical museums</subfield>
    <subfield code="2">lcsh</subfield>
  </datafield>
  <datafield tag="370" ind1=" " ind2=" ">
    <subfield code="e">Page (Ariz.)</subfield>
    <subfield code="2">naf</subfield>
  </datafield>
  <datafield tag="371" ind1=" " ind2=" ">
    <subfield code="a">6 N. Lake Powell Blvd.</subfield>
    <subfield code="b">Page</subfield>
    <subfield code="c">Arizona</subfield>
    <subfield code="d">United States</subfield>
    <subfield code="e">86040</subfield>
    <subfield code="v">Powell Museum webpage, Jul. 9, 2014</subfield>
    <subfield code="u">www.powellmuseum.org/</subfield>
  </datafield>
  <datafield tag="410" ind1="2" ind2=" ">
    <subfield code="a">John Wesley Powell Memorial Museum</subfield>
  </datafield>
  <datafield tag="670" ind1=" " ind2=" ">
    <subfield code="a">Ward, Jane E. Page and Lake Powell, 2014:</subfield>
    <subfield code="b">title page (Powell Museum Archives)</subfield>
  </datafield>
  <datafield tag="670" ind1=" " ind2=" ">
    <subfield code="a">Powell Museum webpage, viewed July 8, 2014:</subfield>
    <subfield code="b">News main page header (News about the John Wesley Powell Memorial Museum, Page, and Colorado Plateau destinations)</subfield>
  </datafield>
</record>